[gd_scene load_steps=26 format=2]

[ext_resource path="res://Scripts/Boss.gd" type="Script" id=1]
[ext_resource path="res://Sprites/boss/summon1.png" type="Texture" id=2]
[ext_resource path="res://Sprites/boss/summon2.png" type="Texture" id=3]
[ext_resource path="res://Sprites/boss/summon3.png" type="Texture" id=4]
[ext_resource path="res://Sprites/boss/summon4.png" type="Texture" id=5]
[ext_resource path="res://Sprites/boss/summon5.png" type="Texture" id=6]
[ext_resource path="res://Sprites/boss/summon6.png" type="Texture" id=7]
[ext_resource path="res://Sprites/boss/summon7.png" type="Texture" id=8]
[ext_resource path="res://Sprites/boss/shoot1.png" type="Texture" id=9]
[ext_resource path="res://Sprites/boss/shoot2.png" type="Texture" id=10]
[ext_resource path="res://Sprites/boss/shoot3.png" type="Texture" id=11]
[ext_resource path="res://Sprites/boss/shoot4.png" type="Texture" id=12]
[ext_resource path="res://Sprites/boss/shoot5.png" type="Texture" id=13]
[ext_resource path="res://Sprites/boss/shoot6.png" type="Texture" id=14]
[ext_resource path="res://Sprites/boss/shoot7.png" type="Texture" id=15]
[ext_resource path="res://Sprites/boss/shoot8.png" type="Texture" id=16]
[ext_resource path="res://Sprites/boss/start1.png" type="Texture" id=17]
[ext_resource path="res://Sprites/boss/start2.png" type="Texture" id=18]
[ext_resource path="res://Sprites/boss/start3.png" type="Texture" id=19]
[ext_resource path="res://Sprites/boss/start4.png" type="Texture" id=20]
[ext_resource path="res://SFX/Shot.wav" type="AudioStream" id=21]
[ext_resource path="res://SFX/enemy_hit.wav" type="AudioStream" id=22]

[sub_resource type="SpriteFrames" id=1]

animations = [ {
"frames": [ ExtResource( 2 ), ExtResource( 3 ), ExtResource( 4 ), ExtResource( 5 ), ExtResource( 6 ), ExtResource( 7 ), ExtResource( 8 ) ],
"loop": false,
"name": "Summon",
"speed": 10.0
}, {
"frames": [ ExtResource( 9 ), ExtResource( 10 ), ExtResource( 11 ), ExtResource( 12 ), ExtResource( 13 ), ExtResource( 14 ), ExtResource( 15 ), ExtResource( 16 ) ],
"loop": false,
"name": "Shoot",
"speed": 10.0
}, {
"frames": [ ExtResource( 17 ), ExtResource( 18 ), ExtResource( 19 ), ExtResource( 20 ) ],
"loop": false,
"name": "Init",
"speed": 5.0
} ]

[sub_resource type="RectangleShape2D" id=2]

custom_solver_bias = 0.0
extents = Vector2( 5.10466, 13.1414 )

[sub_resource type="RectangleShape2D" id=3]

custom_solver_bias = 0.0
extents = Vector2( 7.5403, 15.1132 )

[node name="Boss" type="KinematicBody2D" index="0" groups=[
"Enemies",
]]

input_pickable = false
collision_layer = 2
collision_mask = 45
collision/safe_margin = 0.08
script = ExtResource( 1 )
_sections_unfolded = [ "Collision", "Transform" ]
stun_time = 0.5
max_health = 10
gravity = 10
speed = 100
maxGravity = 500
bulletVel = 200

[node name="AnimatedSprite" type="AnimatedSprite" parent="." index="0"]

frames = SubResource( 1 )
animation = "Init"

[node name="CollisionShape2D" type="CollisionShape2D" parent="." index="1"]

position = Vector2( -0.6959, 2.08769 )
shape = SubResource( 2 )

[node name="Area2D" type="Area2D" parent="." index="2"]

input_pickable = true
gravity_vec = Vector2( 0, 1 )
gravity = 98.0
linear_damp = 0.1
angular_damp = 1.0
audio_bus_override = false
audio_bus_name = "Master"

[node name="CollisionShape2D" type="CollisionShape2D" parent="Area2D" index="0"]

position = Vector2( -0.6959, 0.115982 )
shape = SubResource( 3 )

[node name="Cooldown" type="Timer" parent="." index="3"]

process_mode = 1
wait_time = 1.0
one_shot = true
autostart = false

[node name="ShotSound" type="AudioStreamPlayer2D" parent="." index="4"]

stream = ExtResource( 21 )
volume_db = -15.0
pitch_scale = 1.0
autoplay = false
max_distance = 2000.0
attenuation = 1.0
bus = "Master"
area_mask = 1
__meta__ = {
"_edit_lock_": true
}

[node name="HitSound" type="AudioStreamPlayer2D" parent="." index="5"]

stream = ExtResource( 22 )
volume_db = 0.0
pitch_scale = 1.0
autoplay = false
max_distance = 2000.0
attenuation = 1.0
bus = "Master"
area_mask = 1
__meta__ = {
"_edit_lock_": true
}

[connection signal="animation_finished" from="AnimatedSprite" to="." method="_on_AnimatedSprite_animation_finished"]

[connection signal="body_entered" from="Area2D" to="." method="_on_Area2D_body_entered"]

[connection signal="timeout" from="Cooldown" to="." method="_on_Cooldown_timeout"]


