[gd_scene load_steps=16 format=2]

[ext_resource path="res://Scripts/Runner.gd" type="Script" id=1]
[ext_resource path="res://Sprites/runner/Frame002.png" type="Texture" id=2]
[ext_resource path="res://Sprites/runner/Frame003.png" type="Texture" id=3]
[ext_resource path="res://Sprites/runner/Frame004.png" type="Texture" id=4]
[ext_resource path="res://Sprites/runner/Frame005.png" type="Texture" id=5]
[ext_resource path="res://Sprites/runner/Idle.png" type="Texture" id=6]
[ext_resource path="res://Sprites/runner/init/Frame001.png" type="Texture" id=7]
[ext_resource path="res://Sprites/runner/init/Frame002.png" type="Texture" id=8]
[ext_resource path="res://Sprites/runner/init/Frame003.png" type="Texture" id=9]
[ext_resource path="res://Sprites/runner/init/Frame004.png" type="Texture" id=10]
[ext_resource path="res://Sprites/runner/init/Frame005.png" type="Texture" id=11]
[ext_resource path="res://SFX/enemy_hit.wav" type="AudioStream" id=12]

[sub_resource type="RectangleShape2D" id=1]

custom_solver_bias = 0.0
extents = Vector2( 4, 16 )

[sub_resource type="SpriteFrames" id=2]

animations = [ {
"frames": [ ExtResource( 2 ), ExtResource( 3 ), ExtResource( 4 ), ExtResource( 5 ) ],
"loop": true,
"name": "Run",
"speed": 5.0
}, {
"frames": [ ExtResource( 6 ) ],
"loop": true,
"name": "Death",
"speed": 5.0
}, {
"frames": [ ExtResource( 7 ), ExtResource( 8 ), ExtResource( 9 ), ExtResource( 10 ), ExtResource( 11 ) ],
"loop": true,
"name": "Init",
"speed": 5.0
} ]
_sections_unfolded = [ "Resource" ]

[sub_resource type="RectangleShape2D" id=3]

custom_solver_bias = 0.0
extents = Vector2( 12, 18 )

[node name="Runner" type="KinematicBody2D" groups=[
"Enemies",
]]

input_pickable = false
collision_layer = 2
collision_mask = 41
collision/safe_margin = 0.08
script = ExtResource( 1 )
_sections_unfolded = [ "Collision", "Transform" ]
max_health = 1
stun_time = 0.5
attackRange = 500
gravity = 10
speed = 100
maxGravity = 500

[node name="CollisionShape2D" type="CollisionShape2D" parent="." index="0"]

shape = SubResource( 1 )

[node name="AnimatedSprite" type="AnimatedSprite" parent="." index="1"]

scale = Vector2( 1.0665, 1.0665 )
frames = SubResource( 2 )
animation = "Init"
_sections_unfolded = [ "Transform" ]

[node name="RayCast2D" type="RayCast2D" parent="." index="2"]

enabled = true
exclude_parent = true
cast_to = Vector2( 25, 25 )
collision_mask = 1
_sections_unfolded = [ "Transform", "Visibility" ]

[node name="Cooldown" type="Timer" parent="." index="3"]

process_mode = 1
wait_time = 3.0
one_shot = true
autostart = false

[node name="Area2D" type="Area2D" parent="." index="4"]

input_pickable = true
gravity_vec = Vector2( 0, 1 )
gravity = 98.0
linear_damp = 0.1
angular_damp = 1.0
collision_layer = 2
collision_mask = 4
audio_bus_override = false
audio_bus_name = "Master"
_sections_unfolded = [ "Collision" ]

[node name="CollisionShape2D" type="CollisionShape2D" parent="Area2D" index="0"]

shape = SubResource( 3 )

[node name="AudioStreamPlayer" type="AudioStreamPlayer2D" parent="." index="5"]

stream = ExtResource( 12 )
volume_db = -10.0
pitch_scale = 1.0
autoplay = false
max_distance = 2000.0
attenuation = 1.0
bus = "Master"
area_mask = 1


